%% This BibTeX bibliography file was created using BibDesk.
%% http://bibdesk.sourceforge.net/


%% Created for Ivica NakiÄ‡ at 2012-04-22 22:17:30 +0200 


%% Saved with string encoding Unicode (UTF-8) 



@misc{beamerUserGuide,
	Author = {Tantau, T.},
	Date-Added = {2012-04-22 20:16:46 +0000},
	Date-Modified = {2012-04-22 20:17:16 +0000},
	Title = {User's Guide to the Beamer Class, Version 3.01},
	Year = {2004}}

@article{loverdos2004,
	Author = {Loverdos, C. and Syropoulos, A.},
	Date-Added = {2012-04-22 18:53:42 +0000},
	Date-Modified = {2012-04-22 18:54:16 +0000},
	Journal = {TeX, XML, and Digital Typography},
	Pages = {682--684},
	Publisher = {Springer},
	Title = {Digital typography in the new millennium: Flexible documents by a flexible engine},
	Year = {2004}}

@book{van2012,
	Author = {van Dongen, M.R.C.},
	Date-Added = {2012-04-22 18:52:24 +0000},
	Date-Modified = {2012-04-22 18:54:43 +0000},
	Publisher = {Springer-Verlag New York Inc},
	Title = {Latex and Friends},
	Year = {2012}}

@book{knuth1,
	Address = {Stanford, CA},
	Author = {Knuth, Donald E.},
	Pages = {xvi+685},
	Publisher = {CSLI Publications},
	Series = {CSLI Lecture Notes},
	Title = {Digital typography},
	Volume = {78},
	Year = {1999}}
